3534 5370
729 535 939 602 ..7.-

206 717 329 776 -ronam
356 708 485 785 igneam
506 723 591 772 esse.
613 733 616 742 ·
636 705 747 786 Omnis
775 709 858 790 euim
888 707 1084 792 obscuritas,
1115 721 1194 788 quae
1222 705 1389 778 uuio'looo·
1405 709 1452 774 in·

207 835 288 886 osse
309 817 455 903 videtur,
484 817 645 904 evanesii,
673 817 817 884 simodo
839 819 1149 885 animadverterimus
1172 818 1232 884 suu
1252 832 1346 882 voce:
1383 833 1452 884 στι-

211 927 301 1015 φάυη
328 926 481 1012 πυρώδης
507 930 585 992 duas
613 930 752 993 diversas
784 945 836 994 res
869 945 940 993 esse
969 929 1221 1009 comprehensas,
1266 925 1364 998 Nam
1378 924 1451 994 Sio-

209 1042 306 1105 naeus
328 1041 621 1104 coronasuniverse
636 1045 799 1104 enumerat
811 1045 877 1104 tres
891 1052 1027 1117 genere:
1049 1055 1141 1103 unam
1159 1036 1193 1116 ἐξ
1208 1033 1326 1122 α’ραιοῦ
1341 1039 1450 1118 (quarn

209 1154 334 1236 diurno
362 1152 429 1216 sive
448 1125 614 1232 ὀλαμιιου
642 1151 774 1230 appellat
793 1149 1027 1232 Parmenides),
1058 1150 1188 1214 alierum
1209 1146 1245 1211 ἐα
1264 1151 1388 1214 nomano*
1409 1147 1448 1230 (l.

210 1277 239 1326 e.
260 1259 309 1326 Υταὶ
335 1263 495 1348 περίγεια)
528 1266 560 1324 et
588 1261 694 1339 olores
723 1262 839 1326 medias
868 1262 952 1326 inier
981 1262 1039 1324 iras
1070 1257 1215 1341 nemag„
1240 1256 1308 1324 liae
1330 1260 1448 1323 minine

205 1387 343 1436 ooronae
364 1377 468 1436 autem
482 1376 565 1434 ,suni
585 1373 699 1450 parlim
720 1373 859 1436 siderum
879 1374 972 1436 ornes
994 1371 1108 1450 parlim
1130 1369 1215 1435 aeris
1238 1373 1270 1431 ei
1291 1374 1447 1436 meteoro-

208 1497 279 1546 rum
299 1472 395 1546 oriris.
440 1479 562 1546 Mixiae
587 1486 693 1546 aulem
721 1485 923 1548 nominantur
952 1482 1026 1560 quia
1056 1481 1173 1550 nixae
1199 1484 1274 1544 suni
1299 1496 1342 1544 ex
1362 1485 1448 1548 nire

210 1607 271 1670 que
290 1593 433 1655 materiei
462 1595 589 1678 specle,
620 1595 758 1658 aetheria
788 1599 820 1658 et
838 1599 977 1658 terrena.
1022 1590 1226 1675 Quaerendae
1245 1595 1350 1656 autem
1371 1596 1448 1656 suut

208 1717 272 1766 non
299 1703 332 1766 in
362 1704 462 1781 spatio
494 1720 592 1768 vacuo
623 1705 706 1768 lnier
736 1707 840 1768 ambas
867 1718 985 1785 puras,
1016 1703 1132 1766 sedin
1160 1702 1210 1764 iris
1238 1701 1335 1785 ipsls3
1364 1702 1445 1780 quod

206 1813 355 1879 discimus
376 1829 417 1876 ex
435 1814 534 1878 aliero
558 1811 686 1878 Siounei
709 1817 779 1880 loco
795 1815 839 1898 ⁴²),
872 1816 925 1878 uui
945 1814 1099 1890 legimus:
1129 1810 1337 1894 Παρμενίδης
1356 1813 1445 1895 πρῶ-

207 1945 273 2002 τον,
295 1926 355 2004 μὲν
383 1921 492 1989 τάττει
519 1924 578 1990 τόν
596 1920 709 2009 Ἐῶου,
736 1924 794 1990 τὸν
818 1921 919 1990 αὐτόν
948 1922 985 1987 dr
1010 1918 1224 2003 νομιζόμενον
1252 1917 1315 1988 ὑπ’
1344 1918 1446 1988 αὐτοῦ

207 2033 454 2118 καῐἘσπυρου,
484 2034 527 2100 ἓν
547 2036 598 2100 od
626 2039 786 2121 aldios·
821 2031 905 2118 μεθ’
934 2033 973 2098 δν
1000 2031 1201 2113 nonullos,
1228 2027 1289 2118 ὑφ’
1316 2026 1342 2120 ᾦ
1370 2030 1447 2106 τους

207 2141 243 2206 ἐν
263 2143 309 2230 τῷ
330 2139 474 2226 πυρώδει
492 2141 642 2232 αὐτέρας,
664 2145 743 2230 ὅπερ
765 2139 949 2229 οὐρανὸν
966 2141 1063 2206 καλεῖ.
1106 2138 1158 2206 Ex
1179 2142 1239 2204 hoc
1260 2142 1330 2206 ioco
1352 2143 1445 2205 eiiam

208 2255 445 2336 cognoscimus,
480 2256 632 2334 quomodo
652 2253 852 2322 Parmenides
875 2254 935 2318 silli
958 2254 1100 2316 ordinem
1125 2267 1311 2324 coronarum
1332 2253 1446 2315 mlxia·

207 2375 292 2426 rum·
308 2365 495 2440 cogitaverit
521 2371 553 2428 et
582 2366 654 2444 quid
681 2369 740 2430 suu
771 2381 888 2430 eorona
915 2364 970 2428 ilia
1000 2363 1101 2429 media
1127 2361 1297 2428 mixtarum
1328 2362 1446 2429 inlelli-

205 2475 342 2548 gendum
364 2475 427 2556 sii,
450 2487 530 2553 quae
552 2475 669 2542 iterum
691 2476 787 2560 igneo
810 2473 926 2553 (πάλιν
945 2471 1095 2557 πυρώδη)
1118 2488 1138 2536 a
1160 2468 1295 2539 Stellaeo
1318 2473 1443 2538 dieitur.

132 2595 134 2599 ·
205 2581 266 2646 list
288 2585 370 2648 enim
392 2584 469 2648 nihii
498 2584 582 2648 alind
612 2585 673 2648 nisi
696 2585 817 2650 coelum
841 2585 1049 2667 stelliferum,
1079 2581 1169 2662 quod·
1190 2579 1331 2668 οὐρανόν
1352 2593 1446 2662 anpe-

206 2693 289 2756 lasse
310 2691 524 2758 Parmeniden
556 2695 655 2760 rederi
681 2692 850 2762 senonens.
896 2691 998 2772 igilur
1027 2709 1090 2758 nou
1120 2697 1241 2760 inuium
1266 2689 1444 2775 Ὄλυμπον,

207 2805 262 2866 sed
291 2805 383 2870 eiiam
416 2800 565 2888 Οὐρανόν
594 2802 749 2868 Siouaeus
784 2805 919 2882 appellat
947 2824 1097 2870 eoronam
1128 2802 1264 2886 igneam.
1307 2796 1367 2866 Ille
1396 2805 1445 2866 esi

206 2911 358 2998 πυρώδης
386 2913 529 3000 στεφάνη
555 2911 628 2979 dmi
657 2909 701 3000 τῷ
721 2913 833 2990 πάσας
853 2919 1057 2999 περιέχοντι,
1084 2914 1135 2980 hic
1155 2911 1193 2976 od
1212 2911 1365 2998 πυρῶδες·
1380 2907 1445 2978 ὑπ’

207 3025 329 3107 αἰθέρι.
371 3021 490 3087 Eodem
512 3025 637 3087 nomine
659 3029 762 3087 autem
784 3029 950 3104 uirumque
972 3023 1129 3106 appellai,
1152 3023 1226 3102 ouria
1247 3019 1444 3103 ὁὌλυηιπας

207 3133 376 3198 seeundum
406 3135 583 3212 opinionem
605 3133 801 3200 Parmenidis
833 3137 918 3202 oriris
948 3135 1129 3198 coniinenie
1155 3135 1267 3198 ardore
1289 3133 1368 3195 lucis
1393 3133 1444 3196 vel

207 3257 322 3306 corona
346 3244 491 3307 aeilrerea
513 3245 619 3308 mundi
641 3245 721 3329 luit,
743 3243 802 3309 τὰν
823 3239 963 3329 ου’ραυόν
985 3249 1089 3307 aulem
1113 3248 1237 3306 veteres
1261 3243 1443 3321 plerumque

206 3355 354 3430 tanquam
384 3355 490 3416 orbem
510 3354 640 3429 igneum
665 3356 822 3433 diruptum
853 3353 1159 3437 eeniernniauauiur,
1191 3353 1244 3431 qui
1272 3357 1388 3431 terram
1411 3355 1443 3415 ei

206 3462 293 3528 auris
315 3464 423 3526 erilem
445 3463 617 3526 circumdat
635 3465 733 3529 veluu
753 3468 863 3530 cortex
884 3467 1042 3530 ardorem.

293 3680 377 3746 ilaec
399 3683 504 3761 opinio
527 3683 698 3748 seeundum
721 3698 812 3764 quam
835 3680 989 3763 Olympus
1014 3699 1110 3762 supra
1131 3683 1252 3748 coelum
1272 3675 1441 3766 (οὐρανόν)

206 3794 287 3858 silus
322 3799 392 3876 esi,
430 3809 471 3858 ex
506 3795 667 3870 religiosis
692 3791 885 3860 Graecorum
915 3795 1096 3860 notionilrus
1127 3798 1239 3864 enoria
1269 3798 1329 3858 esi.
1375 3789 1441 3856 lam

206 3905 286 3981 nnud
311 3902 483 3968 Homerum
511 3919 657 3968 mcumen
680 3902 852 3970 unessnuor
880 3905 995 3972 moniis
1019 3901 1166 3988 Olympi,
1196 3905 1230 3968 iu
1259 3919 1321 3983 quo
1350 3904 1440 3969 sedes

206 4013 355 4097 deorum,
377 4015 593 4092 perforamen
617 4015 707 4097 coeli,
729 4020 833 4082 ierrae
854 4017 942 4099 decii,
965 4015 997 4080 in
1020 4014 1192 4080 neruoram
1213 4030 1283 4078 sese
1305 4013 1439 4078 extollit.

207 4122 293 4187 llaec
314 4125 464 4201 eogilailo
494 4126 667 4209 remansit,
698 4129 825 4190 mutatis
853 4127 946 4190 eiiam
970 4127 1007 4189 de
1035 4127 1137 4188 ierrae
1166 4125 1306 4203 coelique
1328 4127 1441 4188 naiura

207 4335 435 4352 -..-.-,-.,

273 4461 303 4530 ·)
323 4460 380 4520 nn.
398 4465 473 4536 ηιηι.
492 4463 514 4532 r,
531 4461 574 4520 aa
592 4479 619 4535 η.
637 4462 696 4520 oro.
714 4463 776 4520 sas.
888 4515 891 4521 ,
