3534 5370
727 512 939 580 ..9-

310 678 468 762 Sphaerae
487 681 656 748 cultrum
676 683 744 758 siae
772 685 831 760 end
852 680 995 770 adpareat
1012 682 1035 747 i.
1055 689 1090 749 e.
1113 679 1450 770 firmamentioonver·

223 791 314 858 sione
336 792 439 856 oritur
457 793 518 856 dici
543 794 707 873 nucusque
734 791 917 858 vidssitudn
938 798 971 858 et
991 793 1119 872 quaevis
1150 791 1280 856 mutatio
1305 795 1449 872 naturae,

224 915 304 980 puae
329 904 369 966 ah
396 902 455 966 hac
481 905 605 982 pendet.
635 901 726 970 liam
755 905 854 982 tgimr
881 919 1056 968 mensorem
1091 906 1124 965 et
1150 905 1390 978 gubernatorem
1418 903 1451 962 et

224 1016 370 1091 unquam
391 1013 508 1078 iontem
537 1019 570 1078 et
596 1014 748 1090 originem
779 1015 917 1078 omnium
945 1017 1085 1077 motuum
1107 1013 1287 1078 coelestrum
1304 1010 1451 1092 ,conside-

224 1137 295 1186 rare
316 1122 411 1207 iicet,
440 1139 500 1204 qna
529 1129 656 1204 prepter
684 1125 778 1188 etiam
801 1125 937 1188 seriores
958 1121 1141 1188 Astrnnoml
1164 1128 1199 1186 ,et
1219 1120 1383 1197 Astrologi
1411 1120 1449 1184 il-

221 1231 284 1296 iam
312 1233 475 1311 sphaeram
506 1232 649 1300 Primum
681 1232 796 1300 mohtle
822 1235 1034 1298 nominabant.
1077 1231 1162 1298 llaec
1189 1238 1239 1298 est
1269 1247 1363 1310 causa
1393 1245 1450 1294 cur

219 1341 302 1406 hanc
328 1343 490 1422 sphaeram
509 1341 711 1410 Parmenides
739 1344 845 1408 sedem
873 1345 970 1408 divini
991 1343 1127 1408 numinis
1148 1343 1276 1426 hahuit,
1306 1344 1397 1420 cuius
1419 1341 1450 1404 vl

224 1455 254 1516 et
275 1453 484 1518 moderamine
505 1456 638 1522 mundns
657 1460 788 1536 regatur
809 1459 841 1518 et
861 1455 1043 1520 universum
1064 1455 1272 1518 contincatur.

304 1621 505 1689 Planetarum
537 1641 632 1691 unum
660 1630 780 1692 tantum
810 1626 899 1689 novit
929 1639 1038 1704 nempe
1067 1621 1243 1708 Venerem,
1277 1621 1389 1700 reliqui
1420 1619 1449 1683 ei

219 1735 322 1812 ignoti
344 1739 428 1798 sunt.
474 1731 578 1814 Igitur
606 1742 723 1816 septem
746 1736 947 1815 sphaerarum
979 1735 1119 1819 coelum,
1151 1736 1232 1814 quud
1254 1729 1374 1814 κόσμον
1394 1715 1451 1794 vo·

219 1849 291 1908 cant
309 1841 524 1931 Pythagorei,
553 1847 604 1910 hic
633 1849 723 1926 piane
746 1863 809 1910 nnn
834 1847 1004 1910 invenitur.
1051 1843 1167 1910 Orbem
1189 1843 1325 1908 lacteum
1346 1844 1451 1904 antem

219 1954 299 2033 apud
320 1951 536 2020 Parmeniden
558 1957 634 2020 nihil
653 1957 736 2020 aliud
759 1972 828 2020 esse
851 1957 912 2020 nisi
935 1957 1036 2036 ipsum
1060 1956 1180 2020 coelum
1200 1953 1355 2018 stellatum
1377 1949 1400 2014 i.
1418 1965 1447 2014 e.

217 2061 276 2129 τὸν
298 2059 439 2150 οὐρανόν
459 2066 600 2131 videmus
622 2082 663 2130 ex
682 2067 759 2147 ipsis
781 2064 1136 2132 versihus13ti-142:

591 2265 662 2338 πῶς
684 2270 760 2343 γαῖα
780 2263 836 2327 καλ
856 2260 944 2346 ἤλιος
964 2258 1023 2347 ἠδὲ
1049 2258 1163 2346 σελήνη

346 2367 449 2454 αἰθήρ
469 2392 505 2435 το
524 2369 618 2450 ζυγός
638 2369 722 2453 γα’λα
742 2367 770 2436 τ’
797 2368 951 2458 οὐράνιον
978 2377 1034 2435 καὶ
1059 2369 1204 2453 ὄλομπος

212 2477 216 2484 ’
345 2479 479 2561 ἔσχατος
499 2477 550 2564 ἠδ’
571 2477 701 2566 οἴστρων
721 2481 847 2567 θερμὸν
873 2485 971 2565 μένος
992 2477 1193 2568 (ὁρμήθησαν

344 2591 524 2672 γίγνεσθαί.

303 2781 364 2850 llic
391 2785 547 2868 γαλαξίας
575 2785 709 2870 κύκλος,
759 2788 810 2852 via
840 2788 960 2873 lactea,
1010 2785 1160 2872 οὐράνιος
1193 2789 1325 2865 tiieiltli',
1376 2783 1449 2862 quia

223 2895 321 2985 ἓντῷ
342 2893 485 2981 οὐρανῷ,
506 2895 538 2959 in
558 2897 645 2960 cuein
664 2897 808 2983 stellato,
842 2901 945 2962 sedem
965 2899 1070 2981 hahet,
1101 2903 1134 2960 ei
1155 2901 1193 2962 ah
1216 2895 1371 2980 Olympo,
1397 2893 1450 2972 qui

224 3007 339 3070 maium
359 3007 477 3089 cingit,
501 3005 713 3083 distinguitur.
757 3008 878 3073 Aether
897 3012 1001 3072 autem
1023 3010 1195 3072 communis
1217 3009 1351 3087 dieitur,
1377 3004 1450 3082 quia

225 3117 323 3179 onnia
348 3117 512 3194 superiora
544 3131 584 3178 ex
614 3131 652 3180 eo
682 3121 814 3184 condato
837 3123 924 3184 sunt.
969 3115 1054 3182 Idem
1077 3120 1168 3182 etiam
1189 3118 1389 3194 cognoscitur
1409 3129 1449 3176 ex

225 3221 345 3290 Stohoei
366 3223 626 3304 cachinnare:
669 3227 875 3313 Παρμενίδης
896 3228 934 3292 τό
955 3230 1014 3293 τοῦ
1034 3229 1159 3293 πυκνοῦ
1177 3235 1233 3292 καὶ
1253 3226 1311 3291 τοῦ
1333 3221 1450 3308 ἀραιοῦ

224 3341 321 3418 μγμα
351 3333 575 3416 γαλακτοειδὲς
602 3332 797 3401 ἀποτελέσαι
822 3339 944 3420 χρῶμα.
986 3336 1131 3422 Etenim,
1161 3339 1189 3402 si
1216 3339 1267 3402 via
1288 3337 1386 3400 lactea
1408 3347 1449 3396 ex

224 3445 369 3512 mixtione
384 3445 505 3509 lucidae
520 3449 552 3508 et
565 3445 755 3522 caliginosae
769 3448 836 3511 sive
851 3463 943 3512 rarae
958 3452 989 3512 et
1007 3449 1122 3512 densae
1144 3447 1283 3512 materiei
1303 3449 1373 3508 urta
1388 3445 1449 3523 est,

224 3571 279 3620 nan
291 3557 323 3620 in
336 3557 489 3638 Aethere,
509 3555 611 3620 sedin
631 3557 764 3621 conlinin
784 3559 946 3620 aethereae
961 3563 993 3621 et
1006 3564 1151 3622 terrenae
1165 3557 1308 3636 regionis
1321 3555 1344 3618 i.
1363 3569 1392 3616 e.
1416 3553 1450 3616 in

228 3665 307 3730 coelo
331 3667 455 3730 stellato
477 3666 538 3728 sita
560 3681 630 3728 esse
652 3666 754 3734 dehet.
800 3665 859 3732 Cui
887 3670 1061 3732 sententiae
1088 3671 1180 3732 etiam
1208 3669 1267 3732 hnc
1289 3668 1450 3729 consenta-

223 3789 312 3840 neum
333 3781 400 3859 est,
423 3775 506 3854 quod
529 3771 683 3839 Stnhaeus
703 3794 734 3856 p.
758 3777 823 3843 532
842 3780 957 3843 reiert:
983 3779 1187 3864 Παρμενίδης
1206 3777 1266 3844 τὸν
1285 3776 1375 3862 ἥλιον
1394 3780 1451 3836 καὶ

219 3883 276 3969 sp'v
304 3883 443 3970 catapan
470 3883 506 3948 ἐκ
535 3887 596 3948 τοῦ
615 3884 770 3966 γαλαξίου
797 3885 914 3954 κύκλον
942 3883 1166 3974 ἀποκριθῆναι
1173 3933 1185 3971 ,
1211 3885 1355 3969 τὸνμὲν
1382 3881 1450 3948 sind

216 3995 276 4058 τοῦ
303 3990 494 4080 ἆραιοοέροο
523 3997 703 4080 μίγματος,
733 3999 752 4063 δ
781 3997 820 4083 δὴ
839 3998 984 4083 θερμὸν,
1012 3997 1070 4062 οὐκ
1102 3997 1139 4064 dt
1160 3994 1228 4062 a’rrd
1248 3997 1307 4062 τοῦ
1326 4016 1449 4060 πυκνο-

217 4106 312 4188 eipso
318 4149 330 4186 ,
359 4102 439 4187 ὅπερ
460 4104 597 4189 ψυχρόν.
642 4105 745 4190 Quttm
769 4111 850 4172 eninr
872 4108 977 4174 Solem
1006 4123 1121 4190 supra,
1151 4106 1272 4172 Lunam
1294 4106 1376 4168 inira
1400 4120 1450 4168 or·

216 4214 285 4277 hem
308 4213 441 4280 lacteum
465 4215 532 4278 sire
552 4217 672 4280 eoelum
699 4220 860 4296 posuisset
886 4215 1109 4300 Parmenides,
1146 4220 1275 4298 putalat
1295 4216 1388 4280 eiiam
1409 4229 1449 4278 ex

216 4323 286 4401 ipso
305 4323 361 4388 illu
383 4325 458 4389 orire
488 4325 668 4390 excrevisse
688 4325 793 4392 Solem
824 4333 856 4394 et
876 4325 1020 4414 Lunam,
1050 4330 1138 4399 ilium
1167 4328 1294 4410 puriore
1323 4329 1357 4389 et
1377 4325 1449 4390 cali-

216 4433 323 4517 diore,
343 4435 424 4504 hane
444 4433 608 4514 frigidiore
629 4439 664 4500 et
679 4439 834 4506 crassiore
854 4443 970 4508 natura
992 4440 1176 4520 praeditam.
