3534 5370
844 573 1054 636 ..4-

332 744 402 806 der
422 742 541 807 Alten
565 743 709 807 evincere
739 743 864 827 studui,
897 739 1088 808 Parmenidis
1118 749 1150 808 et
1168 743 1363 825 Empedoclis
1392 746 1503 825 placita
1525 747 1563 810 de

332 868 438 917 rerum
473 847 631 916 natura'a
661 851 932 930 Pythagoreorum
968 855 1220 934 philosophorum
1254 857 1394 920 doctrina
1432 872 1563 936 prorsus

331 957 434 1029 aliena
455 978 546 1047 esse,
573 963 655 1042 quod
672 966 800 1042 landam
824 965 981 1042 copiosius
1001 971 1033 1028 ct
1060 967 1149 1030 noris
1171 968 1365 1044 argumentis
1387 973 1563 1030 monstrare

332 1073 382 1138 hle
403 1076 550 1138 conabor.

416 1269 497 1336 Tota
518 1270 731 1349 philosophiae
753 1269 909 1336 Eleaticae
941 1269 1060 1342 indoles
1083 1289 1102 1335 a
1122 1269 1333 1350 Pythagorica
1355 1274 1494 1336 doctrina
1518 1273 1563 1336 di·

331 1395 425 1446 versa
452 1384 512 1443 est.
555 1379 748 1456 Pythagorei
777 1384 859 1445 enim
889 1383 1062 1462 philosophi
1091 1384 1254 1446 veritatem
1283 1385 1327 1447 lia
1358 1386 1561 1464 quaerebant,

330 1497 366 1554 nt
395 1507 445 1554 res
473 1491 632 1554 naturales
662 1493 875 1556 mathematice
897 1493 920 1556 1.
945 1509 973 1557 e.
1005 1495 1142 1558 numeris
1172 1499 1204 1556 et
1230 1495 1341 1570 hgnris
1363 1493 1561 1570 geometricis

331 1606 617 1684 cognoscerentur,
649 1608 837 1679 quapropter
858 1619 963 1666 veram
984 1605 1193 1679 cognitionem
1215 1619 1320 1667 rerum
1340 1604 1509 1667 visibilium
1531 1607 1563 1664 ct

331 1713 519 1776 naturalium
543 1713 602 1774 sibi
624 1714 825 1788 arrogabant.
870 1711 998 1776 Eleatici
1020 1718 1128 1776 contra
1151 1715 1211 1776 duo
1233 1719 1353 1792 ponunt
1374 1715 1561 1789 cognitionis

331 1837 467 1901 genera:
514 1837 609 1886 unum
638 1822 806 1885 visibilium
845 1829 876 1886 ct
914 1825 1122 1905 munatium,
1159 1824 1291 1886 aiterum
1320 1824 1562 1899 intelligibilium

331 1949 457 2013 rerum,
488 1947 620 2010 quorum
641 1933 771 1995 alterum
793 1933 936 2018 quidem,
961 1931 998 1996 τὰ
1019 1930 1137 2018 νοητόν
1156 1933 1324 1998 veritatem
1346 1933 1466 2018 ipsam,
1486 1934 1562 1996 alte·

329 2059 400 2107 runi
421 2058 510 2126 veru,
533 2040 570 2104 τὰ
593 2041 763 2124 nogareto,
784 2049 905 2106 lanium
926 2043 1078 2108 eerr‘doiis
1100 2041 1240 2130 speciem
1263 2044 1382 2106 seilicet
1397 2044 1563 2130 opiniones

330 2151 573 2231 comprehendit.
621 2150 720 2217 Sicuti
749 2169 870 2217 omnem
900 2153 1110 2229 cognitionem
1139 2154 1303 2216 humanam
1332 2155 1365 2216 ln
1397 2155 1472 2216 duas
1493 2169 1563 2230 par-

330 2269 403 2356 ies2
427 2265 471 2326 iia
494 2265 586 2326 eiiam
615 2263 762 2327 mundum
792 2265 969 2328 sensibilem
990 2263 1021 2326 in
1043 2265 1120 2326 duas
1144 2265 1289 2339 regiones
1310 2264 1417 2326 dividit
1438 2262 1562 2327 Parme-

330 2376 440 2456 nides,
471 2375 600 2436 aiteram
622 2373 767 2457 igneam,
790 2376 918 2436 aiteram
938 2359 1117 2454 terrenam,
1141 2375 1224 2437 iliam
1247 2375 1460 2451 superiorem,
1484 2373 1562 2435 hano

329 2485 511 2548 inferiorem
541 2486 647 2546 orbem
677 2500 748 2546 esse
775 2489 875 2546 ratus.
920 2482 1005 2548 llaec
1028 2483 1133 2546 mundi
1163 2485 1273 2546 divisio
1294 2483 1383 2561 plane
1405 2499 1467 2545 non
1488 2500 1561 2545 con-

330 2597 417 2674 gruit
446 2610 515 2658 cum
537 2590 705 2657 Philolaica
734 2595 784 2657 iila
806 2593 1016 2670 tripartitlone
1038 2595 1069 2656 ln
1093 2598 1158 2657 tres
1188 2610 1282 2672 supra
1304 2595 1401 2656 dictas
1423 2593 1563 2657 universi

330 2709 450 2788 plagas.

416 2903 526 2968 Posuit
556 2901 637 2964 enim
659 2897 859 2964 Parmenides
890 2903 950 2964 duo
978 2915 1083 2964 rerum
1114 2902 1302 2964 naturalium
1331 2901 1480 2982 principia
1503 2903 1563 2966 sibi

332 3015 509 3095 contraria,
543 3025 622 3091 qnae
652 3011 748 3075 variis
778 3011 954 3073 nominibus
985 3012 1140 3074 celebrat:
1177 3009 1319 3075 calidum
1346 3017 1378 3074 et
1402 3008 1563 3098 frigidum

331 3127 398 3190 slve
419 3123 559 3188 incidam
583 3127 614 3184 ei
642 3141 791 3206 opacum,
822 3120 927 3202 ignem
948 3124 980 3182 et
1002 3123 1134 3186 terram.
1180 3117 1217 3184 Iu
1237 3123 1373 3185 carmine
1394 3137 1452 3185 siin
1473 3127 1562 3186 amhn

331 3239 384 3302 illa
405 3233 555 3314 principia
584 3233 677 3295 etlam
706 3232 807 3295 liccem
835 3235 867 3293 et
894 3234 1015 3295 noctem
1039 3232 1174 3309 appellat
1188 3233 1234 3312 1).
1277 3228 1490 3296 Parmcnldam
1514 3233 1562 3296 his

332 3345 588 3427 appellationibus
611 3359 672 3405 non
696 3343 819 3420 proprie
843 3345 958 3406 terram
980 3345 1011 3404 et
1032 3342 1158 3424 ignem,
1180 3341 1234 3403 sed
1257 3343 1426 3406 aetheriam
1448 3347 1480 3406 et
1501 3347 1564 3408 ter·

335 3541 565 3562 ..---—-·

401 3670 429 3738 Ι’)
455 3665 610 3721 Aristoteles
633 3663 711 3729 Phys.
737 3663 765 3730 1,
790 3664 815 3716 ὅ.
851 3661 881 3716 Τ.
904 3663 926 3716 i.
951 3677 978 3731 p.
1003 3661 1054 3716 267
1078 3662 1115 3716 G:
1151 3659 1326 3734 Παρμενίδης
1350 3664 1491 3735 θερμὸν
1516 3667 1564 3718 xot

322 3773 380 3831 ·ψυ
386 3759 479 3834 χρὸν
497 3757 585 3830 ἀρχὰς
601 3760 689 3825 ποιεῖ,
709 3757 799 3812 ταῦτα
818 3753 848 3810 δὲ
865 3753 1061 3829 προςαγορεῦει
1077 3756 1134 3827 πῦρ
1153 3756 1201 3810 καὶ
1218 3757 1278 3826 γῆν.

402 3855 471 3908 idem
489 3852 631 3920 hletapirys.
649 3851 672 3918 l,
690 3851 715 3902 5.
752 3851 781 3904 Τ.
800 3849 834 3904 il.
853 3866 878 3920 p.
898 3848 948 3904 648
964 3849 1004 3902 F:
1030 3846 1082 3902 boo
1101 3849 1150 3910 τὰς
1169 3850 1258 3910 αἰτίας
1275 3846 1393 3904 notorio
1410 3849 1459 3910 τὰς
1476 3849 1564 3924 ἀρχὰς

323 3950 429 4018 Ιτίθησι
446 3986 453 3999 .
473 3984 494 4014 .,
512 3942 650 4016 θερμὸν
669 3943 716 3995 καὶ
734 3941 892 4016 ψυχρόν,
920 3938 981 3995 οἷον
998 3944 1067 4014 πῦρ
1086 3943 1133 3996 καὶ
1150 3945 1216 4011 γῆν
1233 3943 1335 4009 λέγων·
1353 3942 1462 3998 τούτων
1481 3942 1512 3998 δὲ
1529 3947 1561 3999 τὸ

331 4042 382 4112 μὲν
400 4025 472 4094 aoid
489 4038 540 4093 cdo
559 4035 592 4092 ὄν
611 4035 661 4107 (τὸ
678 4036 802 4108 θερμὸν)
820 4035 928 4105 τάττει,
946 4033 1068 4108 θάτερον
1087 4033 1117 4088 δὲ
1135 4034 1207 4089 κατὰ
1225 4033 1257 4088 τὸ
1275 4034 1315 4104 μὴ
1333 4035 1374 4090 ὄν.

402 4134 548 4205 Simplicius
567 4131 644 4199 Phys.
663 4131 681 4184 i.
701 4129 726 4187 6.
763 4131 785 4182 B
804 4131 864 4184 uicit
882 4130 913 4183 de
932 4127 1098 4183 Parmenides:
1125 4128 1154 4181 ἐν
1173 4131 1232 4189 τοῖς
1247 4129 1316 4202 πρὸς
1335 4127 1424 4199 δόξαν
1440 4133 1564 4202 principia

332 4229 452 4284 statuisse
469 4228 525 4298 πῦρ
543 4225 590 4278 καὶ
607 4225 674 4295 γῆν,
692 4224 800 4291 μᾶλλον
818 4220 849 4277 δὲ
867 4225 929 4297 φῦς
946 4221 993 4275 καὶ
1010 4219 1118 4282 σκότος.

401 4321 527 4377 Alexand.
547 4319 663 4388 Aphred.
683 4317 748 4387 apud
766 4317 883 4390 Simplie.
903 4317 981 4384 Phys.
999 4317 1017 4371 i.
1036 4316 1052 4370 it
1070 4316 1110 4370 A:
1141 4314 1230 4388 ἀρχὰς
1247 4319 1305 4372 τῦν
1323 4318 1478 4386 γενομένων
1495 4317 1563 4372 dni-

325 4421 400 4473 ·iisro
418 4418 474 4488 πῦρ
491 4414 539 4468 rol.
555 4413 624 4483 γῆν,
648 4409 700 4480 τὴν
716 4411 767 4480 μὲν
785 4414 837 4481 γῆν
855 4410 893 4474 ῦς
908 4408 981 4482 ὕλην
998 4407 1155 4478 ὑποτιθεὶς,
1179 4409 1214 4464 τὸ
1240 4406 1271 4464 bt
1287 4411 1343 4484 πῦρ
1363 4409 1564 4480 denotatione

333 4511 439 4568 oleron·
459 4509 505 4563 καὶ
524 4504 670 4574 ὀνομάζει,
689 4507 774 4578 φησί,
793 4505 826 4560 rd
845 4504 895 4572 poto
911 4506 968 4575 πῦρ
986 4507 1078 4575 φῶς,
1096 4503 1149 4571 τῆν
1169 4497 1199 4554 δὲ
1217 4505 1282 4572 γῆν
1301 4503 1367 4558 ouo
1375 4521 1442 4564 τος.
