3534 5370
837 502 1071 570 ..10-

408 672 473 750 ,Ex
486 673 557 738 'irae
583 673 790 756 explicatione
820 671 1014 746 Parmenidis
1039 673 1234 754 placitorum
1267 673 1306 758 de
1334 677 1429 744 retus
1450 679 1563 758 'physi-

336 789 382 850 els
403 786 494 850 facile
516 786 609 848 etiam
630 785 662 848 id
682 784 890 868 intelligitur,
911 785 1063 864 quomodo
1081 785 1152 848 *cluo
1181 784 1242 848 ioci
1264 787 1390 850 obscuri
1409 789 1562 868 interpre-

336 897 421 962 tiiiidi
443 897 518 960 sint.
568 895 660 960 Alter
686 901 736 959 est
764 891 891 959 Stellati
920 892 969 980 (i,
997 895 1049 961 24.
1080 911 1112 974 li·
1143 893 1242 978 tulii:
1272 891 1481 983 Ἀναξιμένης
1506 906 1562 964 aar

335 1005 541 1092 Παρμενίδης
568 1004 628 1090 τήν
655 987 837 1092 πὲριφορολν
857 1003 923 1090 τήν
938 1003 1161 1090 ἐξωτάτω-τῆς
1182 1005 1239 1089 γῆς
1257 1000 1343 1071 advoc
1363 1005 1422 1072 τὸν
1442 1005 1561 1095 ούρα-

335 1139 406 1184 νον
427 1119 459 1182 h.
485 1131 515 1181 e.
538 1096 692 1180 summum
714 1118 820 1180 orbem
846 1116 913 1180 sive
937 1116 1120 1200 circuitum,
1151 1131 1215 1180 non
1234 1118 1331 1180 totius
1353 1118 1492 1188 universi
1513 1120 1561 1184 rei

335 1229 461 1313 mundi,
505 1227 559 1291 sed
585 1231 729 1292 terrenae
756 1226 895 1304 regionis
923 1227 956 1289 ln
975 1226 1099 1290 mundo
1129 1239 1199 1290 csse
1225 1227 1340 1305 cociam
1366 1228 1559 1294 stelliferum.

334 1338 426 1404 Alter
446 1343 494 1402 est
517 1333 678 1401 Ciceronis
701 1337 870 1402 denatura
893 1337 1039 1400 iecorum
1061 1331 1090 1419 l,
1122 1333 1183 1399 11:
1234 1332 1461 1420 „Parmenides
1479 1355 1561 1404 com-

334 1450 509 1514 mentitium
548 1425 690 1526 quiddam
727 1463 861 1511 coronae
890 1448 991 1510 simile
1031 1445 1159 1538 elicit,
1212 1443 1380 1534 ouepdvpc
1417 1449 1558 1534 appellat,
1674 1529 1676 1535 A

335 1561 514 1624 continente
542 1558 654 1623 ardore
682 1557 760 1620 lucis
789 1559 916 1641 ortem,
954 1557 1007 1636 pul
1033 1557 1131 1636 cingit
1152 1558 1292 1644 coelum,
1316 1574 1407 1638 quem
1431 1559 1561 1638 appellat

334 1665 477 1734 Deum.“
533 1665 607 1730 Non
638 1668 814 1744 cingentem
841 1669 960 1750 orbem,
990 1667 1046 1730 sed
1072 1669 1212 1752 coelum,
1255 1669 1335 1748 quod
1366 1669 1503 1746 cingitur
1524 1671 1560 1733 air

335 1782 410 1846 orire
431 1779 609 1841 continente
631 1775 743 1841 ardore
762 1777 841 1848 lucis
868 1765 1000 1856 appellat
1030 1779 1131 1840 deum.
1184 1775 1314 1842 Coeium
1343 1783 1447 1846 autern
1481 1779 1561 1858 quod

337 1889 470 1968 appellat
491 1885 604 1972 Deum,
631 1890 679 1950 est
701 1881 837 1970 ούρονός
863 1891 895 1950 et
926 1889 1011 1951 eriis
1040 1889 1219 1952 continente
1247 1889 1358 1952 ardore
1387 1889 1478 1974 lucis,
1509 1891 1560 1968 qui

334 2000 421 2062 illurn
448 1998 564 2082 cingit,
604 2000 652 2060 est
675 1991 837 2078 Ὄλυμπος
862 1997 884 2060 i.
917 2013 947 2062 e.
975 1997 1112 2062 aetheria
1141 1997 1230 2076 regio
1258 1999 1364 2062 mundi
1393 1999 1446 2064 vei
1476 1999 1558 2063 oriris

334 2109 504 2172 aetherius.
871 2107 873 2112 ’

418 2327 511 2413 Quod
547 2325 606 2392 Vir
635 2324 767 2391 Clariss.
804 2323 941 2392 ilarsten
970 2326 1185 2412 Parmeniden
1213 2331 1251 2394 de
1277 2330 1564 2425 structuramundi

334 2440 481 2504 statuisse
500 2439 605 2500 docuit
627 2439 782 2502 refutatur
810 2438 868 2500 hac
896 2439 965 2517 ipsa
998 2440 1207 2504 declaratione
1237 2437 1460 2512 Parmenidcae
1485 2441 1562 2502 inra-

336 2551 419 2626 ginis
441 2547 558 2612 mundi.
611 2543 775 2610 intritus
804 2553 908 2611 autem
940 2551 1074 2612 maxime
1103 2551 1220 2614 erravit
1241 2549 1291 2614 vir
1322 2551 1466 2614 doctus..
1493 2547 1561 2612 Pri·

332 2675 437 2742 mum,
469 2659 549 2736 quod
576 2661 665 2736 putat
691 2656 749 2722 cdv
776 2654 915 2740 οὐρανόν
945 2659 968 2722 i.
998 2673 1026 2722 e.
1055 2661 1160 2722 oriem
1183 2660 1342 2722 stellarum
1364 2675 1434 2722 csse
1459 2663 1564 2722 estre-

332 2785 412 2832 mam
440 2769 545 2833 mundi
573 2783 679 2852 oram,
713 2783 859 2832 coronam
886 2759 1081 2852 supremam,
1119 2783 1197 2847 puae
1218 2769 1299 2834 muri
1321 2769 1423 2835 instar
1444 2770 1507 2832 lina
1531 2773 1563 2832 et

333 2880 432 2942 solida
452 2879 589 2956 reliquas
611 2893 718 2942 omnes
749 2878 917 2947 contineat.
963 2875 1134 2944 &nicotii
1156 2875 1436 2961 igitur'otvpmv
1463 2879 1557 2958 ἔσχο-

332 3010 392 3052 οον
419 2992 451 3052 ct
478 2980 617 3070 οὐρανόν
645 2984 749 3074 ἀμφὶς
779 2988 912 3070 ἔχοντα,
955 2989 1074 3053 coelum
1096 2990 1265 3072 stellatum,
1305 2991 1357 3068 qni
1387 2994 1436 3055 est
1462 2990 1556 3052 media

333 3099 416 3160 inter
446 3098 560 3160 mixtas
589 3111 716 3160 corona.
773 3094 913 3181 Deinde,
941 3099 1021 3177 quod
1060 3099 1180 3164 coelum
1211 3103 1329 3178 sepiem
1361 3100 1556 3180 sphaerarum

325 3208 504 3286 ‘interponit
532 3207 616 3270 inter
645 3211 761 3272 terram
796 3208 940 3270 otiliam
978 3222 1166 3287 supremam¹
1189 3225 1346 3274 coronam.
1405 3207 1553 3292 Denique,

334 3319 414 3396 quot
431 3321 520 3395 putat
548 3319 654 3382 orbem
682 3317 815 3382 lacteum
845 3319 883 3380 air
911 3319 986 3380 orire
1015 3318 1147 3382 lixarum
1177 3319 1227 3382 vel
1249 3318 1375 3382 omnino
1400 3319 1554 3384 stellarum

334 3429 490 3492 diversum
536 3441 618 3492 esse.
692 3425 778 3490 liaeo
814 3427 918 3492 omnia
954 3444 983 3490 o
1009 3424 1201 3495 Parmenidis
1240 3429 1396 3494 sententio
1430 3443 1553 3508 prorsus

332 3539 434 3602 aliena
466 3542 551 3602 sunt.

415 3757 525 3824 Mundi
546 3763 716 3844 structura,
741 3773 832 3838 quam
853 3755 1055 3838 Empedocles
1086 3761 1145 3824 siti
1167 3760 1271 3843 linxit,
1294 3760 1362 3826 iere
1384 3761 1490 3824 eedem
1512 3764 1556 3824 cst

333 3889 369 3936 ac
392 3869 597 3934 Parmcnltis.
649 3867 730 3934 Eum
760 3883 882 3948 quoque
908 3870 941 3934 in
971 3871 1105 3936 medium
1126 3872 1233 3934 munti
1256 3874 1397 3936 centrum
1416 3869 1557 3948 posuisse

332 3987 447 4044 terram
482 3981 692 4060 quiescentem
723 3980 924 4056 cognoscitur
952 3994 992 4044 ex
1023 3979 1204 4049 Aristotelis
1233 3981 1270 4042 de
1301 3976 1398 4044 Coelo
1433 3975 1478 4064 ll,
1519 3978 1560 4044 13

332 4093 455 4155 veritis:
500 4089 550 4156 ὅτι
580 4090 617 4156 tt
644 4093 733 4172 μένοι
761 4085 798 4174 (ἡ
827 4091 901 4174 γῆ),
934 4090 1074 4175 ζητοῦσι,
1091 4089 1152 4175 τήν
1181 4091 1292 4156 αἰτίαν
1320 4095 1376 4154 καὶ
1402 4088 1559 4170 λέγουσιν,

334 4197 700 4284 armamentaria,
734 4197 792 4284 τήν
819 4201 879 4266 τού
909 4196 1049 4284 depravati
1076 4199 1184 4287 φορύν
1201 4197 1305 4288 κύκλῳ
1337 4201 1560 4284 περιθέονσαν

332 4319 389 4376 καὶ
407 4313 534 4376 θύννον
554 4314 746 4399 φερομένην,
766 4308 826 4394 coir
845 4311 901 4395 τῆς
920 4311 978 4392 γῆς
999 4308 1108 4397 φοράν
1122 4308 1264 4392 κωλύειν,
1285 4307 1438 4393 καθάπερ
1457 4305 1498 4372 'cd
1524 4306 1560 4372 ἐν

332 4434 399 4498 τοῖς
426 4421 563 4500 κυάθοις
583 4419 679 4508 ὕδωρ.
729 4421 786 4490 καλ
812 4419 873 4506 reip
899 4423 1015 4507 τοῦτο,
1042 4420 1147 4492 κύκλον
1175 4421 1236 4490 τού
1254 4417 1384 4492 wacon
1413 4405 1551 4508 φερνμέὲ
