3534 5370
723 537 936 602 ..5-

213 725 325 774 renem
348 709 507 772 materiem
529 707 740 792 intellexisse,
770 711 886 772 nemini
908 710 1034 775 dulium
1062 711 1130 774 lore
1151 713 1256 780 credo.
1300 709 1371 790 loss
1392 728 1447 791 en·

213 821 308 898 pellet
338 820 392 882 llio
422 819 573 884 elementa
601 826 727 904 μορφαὶ
755 820 778 883 i.
809 835 837 882 e.
872 819 997 906 speeies
1023 835 1224 905 seligentem
1251 821 1351 908 (εἴδη)
1380 839 1450 891 liiii·⁴

213 931 315 994 terlel.
361 927 411 992 Ex
440 930 561 994 duobus
593 931 642 994 llis
672 932 861 1014 gerendus,
898 931 967 994 luce
996 937 1028 992 et
1058 937 1170 1017 nocte,
1205 937 1329 998 constet
1358 936 1447 1002 totus

213 1041 356 1104 mundus.

246 1203 249 1210 ⁴
299 1191 463 1276 Quomodo
488 1211 528 1257 ex
550 1195 598 1258 his
624 1195 762 1257 materiei
796 1195 954 1273 speciebus
980 1195 1127 1258 mundum
1148 1201 1361 1260 constructum
1384 1197 1445 1260 sili

212 1293 341 1367 tinxerit
362 1301 582 1390 Parmenides,
606 1306 633 1367 sl
656 1305 787 1367 velimus
810 1319 978 1384 quaerere,
1002 1305 1033 1366 ln
1058 1307 1166 1384 primis
1191 1309 1360 1397 nolendum
1382 1311 1444 1391 est,

210 1415 286 1492 'quid
310 1417 347 1476 de
369 1413 487 1478 Terrae
515 1415 617 1490 ligura
647 1421 679 1477 ει
700 1415 763 1476 situ
786 1407 937 1477 docuerit.
981 1411 1111 1477 Terram
1135 1419 1238 1478 eutem
1268 1417 1372 1480 docuit
1393 1431 1446 1480 ru·

212 1513 454 1607 tundum'esse,
477 1529 508 1586 et
527 1525 706 1602 aequalibus
730 1525 864 1602 undique
886 1541 904 1586 c
927 1523 1032 1586 mundi
1056 1539 1111 1587 orn
1131 1526 1305 1589 intervallis
1327 1527 1446 1590 disten·

211 1641 294 1720 tem,
327 1637 359 1698 in
390 1621 496 1698 centro
513 1637 714 1719 consistere,
752 1649 880 1712 eamque
909 1635 1091 1698 tremiscere
1124 1635 1248 1714 quidem
1275 1637 1444 1722 interdum,

215 1748 297 1810 lorrd
321 1752 421 1808 iumen
444 1747 582 1830 moueri,
614 1745 669 1808 sed
697 1747 813 1808 circum
841 1745 920 1806 hono
950 1749 1095 1822 tunquam
1124 1749 1264 1810 centrum
1293 1749 1444 1811 coelestes

213 1861 305 1920 orlres
335 1857 540 1920 circumierrl.
586 1853 691 1920 Testis
720 1862 768 1918 est
790 1853 948 1931 Diogenes
975 1851 1124 1920 Laertius
1145 1853 1207 1941 IX,
1240 1857 1281 1922 21
1310 1860 1347 1922 de
1370 1855 1445 1922 Pur·

214 1967 336 2031 menide
358 1969 510 2046 loquens:
540 1968 668 2048 πρῶτος
688 1968 747 2047 τῆν
769 1967 826 2048 γῆν
846 1959 992 2054 οἷπέφηυε
1014 1967 1206 2053 σφαιροειδῆ
1226 1974 1282 2031 καὶ
1302 1967 1338 2032 έν
1356 1974 1445 2056 μέσῳ

204 2081 352 2142 κεῖσθαι.
395 2075 479 2142 Idem
502 2081 637 2140 testetur
658 2074 813 2138 Plntcrcir.
836 2073 921 2140 Plec.
949 2071 1010 2156 Ill,
1034 2075 1092 2141 15:
1127 2077 1351 2162 Παρμενίδης,
1378 2079 1446 2162 Δη-

211 2182 378 2270 μόκριτος,
398 2186 453 2251 διδ
474 2186 511 2250 τδ
531 2185 743 2266 πανταχόθεν
763 2189 835 2250 ἴσον
858 2181 1052 2272 α’φεσταῖσαν
1072 2187 1182 2268 μένειν
1203 2187 1259 2252 ἐπὶ
1279 2189 1336 2273 τῆς
1357 2193 1445 2274 ἰσοῤ·

212 2300 349 2382 ρὀπίας,
373 2293 429 2361 οιῗκ
451 2297 589 2376 ἔχουσαν
612 2299 741 2378 αἰτίαν,
770 2293 812 2358 δι’
834 2297 874 2380 ἢν
895 2293 989 2378 δεῦρο
1010 2295 1135 2376 μᾶλλον
1156 2296 1175 2380 ἢ
1197 2297 1294 2363 ἐκεῖσε
1315 2295 1446 2384 ῥέψειεν

211 2405 267 2472 ἄν·
288 2407 344 2471 διοὶ
365 2408 459 2471 τοῦτο
482 2404 585 2489 μόνον
609 2411 671 2488 μὲν
699 2405 957 2488 κραδαίνεσθαι,
986 2405 1030 2488 μη
1052 2409 1214 2471 κινεῖσθαι
1237 2407 1282 2472 δὲ.
1326 2405 1446 2472 Terrae

211 2523 314 2582 molus
352 2519 505 2597 spectari,
542 2519 757 2595 unusquisque
793 2517 951 2592 intelligit.
996 2511 1196 2580 Parmenides
1230 2533 1354 2598 quoque
1383 2519 1446 2598 pri·

211 2643 302 2709 mus,
326 2631 405 2690 teste
428 2623 617 2710 Posidonio,
638 2633 753 2690 terrum
776 2627 808 2689 ln
833 2626 969 2704 quinque
992 2642 1090 2690 zonas
1113 2629 1290 2712 distribuit,
1313 2645 1445 2708 querum

210 2739 340 2800 mediam
364 2738 541 2816 (torridam)
563 2739 655 2801 nimis
677 2739 769 2800 letum
791 2736 883 2818 iecit,
914 2735 958 2798 ltu
987 2742 1021 2798 ut
1041 2739 1228 2800 circulorum
1251 2740 1444 2817 isopleurum

209 2848 407 2912 intervallum
429 2849 578 2931 excedet,
601 2850 706 2910 amiras
730 2851 837 2910 autom·
855 2850 1041 2924 temperatas
1063 2847 1245 2910 habitabiles
1267 2849 1355 2912 dixit.

294 3000 453 3084 Quaenam
482 3015 558 3062 vero
586 3015 625 3062 ex
655 2999 810 3062 sententia
838 2995 1033 3064 Parmenldls
1063 3001 1141 3062 coeli
1175 3005 1367 3066 constructio
1397 3011 1447 3068 est

209 3113 292 3174 circa
321 3113 399 3173 irene
424 3111 455 3172 ln
485 3110 586 3170 medlo
611 3111 724 3172 mundo
753 3111 961 3186 quiescentem
992 3114 1129 3174 terrum?
1172 3109 1261 3174 Hono
1289 3116 1445 3192 quaestio·

209 3237 280 3286 nem
311 3225 469 3298 spinosum
501 3224 539 3280 et·
561 3225 813 3300 controversam,
847 3224 883 3282 ut
907 3219 981 3282 milri
1011 3219 1155 3304 ridetur,
1186 3223 1334 3302 omniex
1356 3230 1445 3302 perte

212 3331 383 3408 diiudicare
403 3330 475 3392 licet
498 3345 536 3391 ex
560 3330 628 3392 ioco
652 3329 781 3392 clussico
807 3326 952 3410 Stodoei,
976 3344 1087 3412 quom,
1111 3331 1265 3408 quemodo
1289 3335 1445 3411 explicen-

209 3441 267 3502 dus
289 3440 351 3520 sit,
381 3439 442 3501 viri
470 3441 552 3501 dooii
573 3441 661 3502 volde
683 3441 903 3502 dubitauerunt
931 3443 963 3500 et
993 3442 1232 3506 contenderunt.
1276 3441 1334 3506 Ille
1356 3445 1444 3508 loeus

208 3552 289 3627 opud
313 3547 483 3613 stonaeom
507 3547 576 3610 Ecl.
598 3546 695 3625 Phys.
720 3546 749 3631 l,
771 3547 826 3612 23.
850 3548 881 3613 1.
903 3566 934 3628 o.
960 3546 1023 3614 482
1047 3567 1097 3628 sq.
1119 3553 1164 3614 lin
1185 3553 1323 3628 iegitur:
1354 3560 1444 3638 Παρ-

207 3659 339 3744 μενίδης
369 3657 535 3745 στεφάνας
563 3655 647 3724 εἶναι
675 3658 973 3742 περιπεπλεγμένας
999 3659 1215 3744 ἐπαλλήλους,
1244 3663 1306 3744 τήν
1327 3667 1389 3746 μὲν
1408 3663 1444 3728 ἐκ

207 3771 267 3834 τοῦ
288 3766 416 3853 dodone,
437 3768 498 3853 τήν
518 3769 555 3834 δὲ
576 3769 611 3832 ἐκ
630 3771 689 3834 τοῦ
710 3771 854 3851 πυκνοῦ,
884 3769 999 3849 μικιοὲς
1022 3768 1058 3832 δὲ
1080 3768 1179 3846 ἄλλος
1201 3772 1236 3836 ἐκ
1257 3773 1364 3860 φωτδς
1387 3776 1444 3839 καὶ

208 3878 340 3954 σκότους
361 3878 482 3962 μεεαξδ
513 3877 654 3942 τούτων·
691 3885 746 3942 καὶ
775 3877 812 3942 ιδ
842 3882 992 3961 περιέχον
1015 3877 1052 3942 δὲ
1072 3878 1183 3956 πάσας
1203 3885 1328 3962 τείχους
1350 3881 1445 3968 δίκην

208 3989 335 4072 στερεὰν
354 3987 521 4074 ὑπάρχειν,
544 3985 598 4074 ὑφ’
624 3985 647 4072 ᾧ
668 3987 816 4074 πυρώδης
838 3987 997 4074 στεφάνη·
1018 3996 1074 4052 καὶ
1095 3986 1133 4053 τδ
1153 3995 1349 4072 μεσαίτατον
1370 4017 1444 4057 πα-

210 4101 275 4164 σῶν
303 4107 379 4184 περὶ
406 4096 452 4164 ὦν
479 4097 581 4164 πάλιν
608 4092 777 4184 πυρώδης·
813 4099 879 4162 τῶν
901 4095 938 4160 δὲ
966 4101 1133 4180 συμμιχῶν
1159 4101 1219 4185 τὴν
1242 4101 1442 4188 μεσαιτάτην

210 4207 359 4286 ἁπάσαις
395 4213 491 4276 τοκέα
520 4211 622 4288 (vulg.
653 4233 687 4273 τε
716 4212 788 4290 και)
810 4210 846 4294 ⁸)
879 4205 987 4293 πάσης
1020 4209 1171 4293 κινήσεως
1200 4219 1256 4276 καὶ
1291 4217 1441 4294 γενέσεως

274 4461 302 4530 *l
319 4462 362 4516 Sic
384 4461 533 4534 emenderit
550 4460 668 4520 Βιιίεἰοε
687 4460 718 4516 ad
737 4461 854 4518 ciceron.
873 4462 931 4518 liri.
952 4461 1029 4518 neor.
1050 4463 1071 4530 l,
1090 4463 1131 4518 11.
