3534 5370
842 533 1052 601 ..g...

334 707 529 776 notionibus.
573 707 604 773 Α
635 708 826 789 puttosophh
853 723 978 789 semper
1004 705 1159 787 utynpos
1189 712 1225 772 ut
1252 705 1354 786 tione
1380 709 1564 797 onepoopat-
1611 661 1613 664 Ι

328 841 398 897 νιος
419 823 630 904 memoratur,
651 833 730 898 puro
749 818 908 906 candore,
930 824 1057 885 terrene
1076 819 1211 898 colimne
1234 819 1397 907 immunis,
1418 823 1563 888 aethera

330 945 412 996 zone
434 927 553 995 munit.

414 1145 501 1215 orno
521 1151 726 1230 sphaerarum
748 1154 853 1214 autem
874 1149 926 1214 hic
946 1153 1008 1214 est.
1052 1145 1089 1216 In
1111 1151 1274 1230 superiore
1296 1155 1328 1216 et
1348 1151 1494 1220 aetherea
1513 1165 1565 1217 re·

330 1261 426 1338 mone
453 1259 560 1323 munti
589 1275 735 1340 suprema
766 1261 898 1340 sphaera
928 1263 977 1324 est
1004 1259 1153 1340 Veneris,
1181 1264 1239 1326 suh
1270 1277 1331 1342 pua
1351 1262 1404 1326 tua
1426 1261 1565 1328 saliret

329 1373 390 1435 suh
418 1370 477 1434 hac
505 1367 551 1434 tn'
570 1371 705 1434 continio
735 1371 899 1434 aethereae
920 1371 953 1433 et
978 1375 1123 1436 terrenae
1147 1373 1288 1449 regionis
1316 1373 1436 1436 coetum
1466 1372 1577 1436 stetit·¹

328 1480 432 1544 ierum
453 1475 644 1565 (οὐρανός),
675 1481 777 1565 punt,
809 1485 845 1544 ut
874 1495 915 1543 ex
943 1481 1049 1562 priore
1077 1483 1172 1546 aliato
1198 1483 1445 1567 incomminus,
1471 1484 1563 1546 orhes

329 1586 440 1655 Lunae
461 1589 610 1654 etheris
632 1591 817 1654 subsecutos
837 1605 908 1654 esse
927 1591 1105 1658 aitirmevit.

415 1808 508 1896 Queat
540 1811 618 1876 solis
647 1811 755 1876 ortem
785 1825 881 1891 supra
910 1811 1071 1879 steiiarum
1091 1812 1212 1877 coelum
1234 1827 1306 1878 esse
1327 1817 1453 1896 censet,
1480 1827 1563 1877 com·

328 1935 423 1988 mnne
444 1922 539 1986 hahet
559 1935 629 1984 eum
651 1920 899 1986 Anaximandro.

413 2141 520 2222 liuius
537 2139 760 2208 Parmenideae
780 2144 927 2222 imaginis
946 2099 1053 2208 munii
1075 2143 1280 2225 depretionem
1294 2144 1382 2210 vites
1404 2145 1436 2208 in
1456 2143 1512 2222 ng.
1533 2139 1562 2207 Ι.

412 2361 464 2428 Ex
485 2365 544 2428 hac
564 2365 686 2444 pictura
708 2365 871 2448 vitemus,
901 2379 1049 2428 eoronam
1069 2365 1214 2450 igneam,
1237 2380 1330 2444 quam
1351 2365 1484 2444 appeliat
1504 2358 1564 2429 oei·

327 2471 448 2560 ρανόν,
470 2475 602 2539 mentam
625 2489 696 2538 esse
716 2475 856 2539 omnium
877 2474 1060 2557 misenum,
1083 2489 1178 2553 supra
1200 2489 1292 2554 quarn
1313 2478 1406 2540 orhes
1427 2473 1563 2540 Veneris

328 2590 361 2649 et
382 2581 490 2670 Solis,
521 2585 611 2654 inira,
635 2599 727 2662 quam
756 2587 849 2648 orhes
870 2581 981 2648 Lunae
1004 2589 1037 2648 et
1057 2585 1153 2649 nens
1174 2586 1376 2650 revolvantur
1396 2586 1478 2649 cirea
1499 2587 1563 2648 ter·

327 2710 397 2760 rem
416 2695 449 2760 in
472 2693 576 2759 medio
605 2693 721 2758 muntio
746 2695 967 2774 quiescentem.
1012 2692 1056 2757 nt
1077 2698 1150 2773 quia
1171 2696 1263 2758 etiam
1285 2696 1432 2760 mundum
1455 2693 1564 2758 ttvtttt

326 2803 361 2868 in
394 2807 557 2883 regionem
587 2804 757 2867 aetheriam
785 2809 818 2867 et
838 2808 995 2870 terrenam
1018 2804 1086 2870 sive
1108 2805 1240 2870 lucidam
1261 2810 1292 2868 et
1311 2821 1457 2890 opacam,
1487 2801 1583 2868 Par„

327 2913 466 2980 menites
488 2916 526 2980 ue
547 2930 585 2979 eo
604 2914 679 2978 uicit
699 2929 749 2980 vs.
763 2913 823 2979 11:

471 3133 579 3200 Ἔνθα
600 3131 704 3200 πύλαι
729 3132 845 3211 νυκτός
866 3155 901 3200 ee
925 3141 981 3198 oct
1004 3130 1130 3216 ἤματός
1158 3140 1229 3201 εἰσι·
1243 3134 1414 3202 sciscitor.

413 3353 450 3420 ln
471 3355 555 3420 hune
574 3355 709 3420 mettum
729 3355 828 3420 totins
850 3357 956 3420 munti
986 3357 1093 3420 orhem
1115 3355 1221 3435 posuit
1240 3353 1383 3441 Numen,
1411 3359 1563 3440 Δαίμονα

327 3466 350 3550 ἢ
377 3463 490 3531 πάντα
521 3467 680 3551 κυβερνᾷ,
718 3479 810 3544 quem
839 3454 1033 3551 κληδόῦχον,
1064 3464 1158 3551 δίκην
1188 3471 1220 3529 et
1247 3462 1390 3550 ἀνάγκην
1416 3467 1559 3546 appellet.

329 3573 412 3659 Quin
436 3577 494 3639 hoc
515 3577 575 3640 sihi
597 3577 683 3642 suitt
728 3573 867 3642 Veteres
895 3579 1012 3640 terram
1042 3577 1160 3640 niseum
1189 3580 1220 3638 et
1242 3576 1363 3639 coelum
1385 3579 1420 3638 ut
1442 3593 1563 3656 campa·

328 3701 402 3750 nam
431 3701 499 3750 eam
520 3691 705 3767 tegentem,
734 3686 841 3750 stelias
869 3690 973 3750 autern
1003 3701 1066 3750 nnn
1094 3685 1127 3748 in
1157 3686 1244 3748 coelo
1266 3685 1377 3750 aiaxas
1398 3689 1559 3766 pntahent.

236 3790 239 3794 ’
327 3791 531 3860 Parmenides
568 3811 644 3862 uero
675 3799 866 3874 cognoverat
900 3795 1020 3860 coetum
1049 3811 1121 3859 esse
1156 3796 1319 3874 sphaeram
1350 3797 1562 3862 continentem

328 3909 445 3970 terram
467 3907 629 3982 globosam
651 3907 788 3984 nouique
810 3906 1064 3990 circumstantem,
1084 3907 1117 3970 tn
1140 3921 1202 3985 qna
1223 3905 1332 3971 steliee
1347 3907 1460 3972 aiiixae
1477 3907 1561 3991 sint;

328 4017 412 4096 qnod
435 4016 582 4096 exprimit
602 4017 746 4082 versinus
767 4013 956 4081 tuo-138:

527 4284 536 4302 .
559 4284 567 4300 .
588 4234 725 4322 εἰδήσεις
747 4234 784 4302 δὲ
805 4243 861 4301 καὶ
881 4233 1021 4323 οὐρανόν
1040 4235 1146 4325 ἀμφὶς
1166 4237 1294 4323 ἔχοντα,

483 4346 582 4412 ἔνθεν
601 4347 664 4434 ἔφυ
684 4371 719 4413 τε
739 4353 796 4412 aeci
818 4346 859 4423 cic
881 4369 939 4430 μιν
961 4345 1078 4430 ἄγουσ’
1098 4348 1255 4435 ἐπέδησεν
1276 4346 1397 4433 ἀνάγκη

483 4450 616 4545 πείρατ’
638 4457 721 4542 ἔχειν
741 4457 878 4544 ἄστρων.
930 4479 933 4486 ’
