3534 5370
822 493 1033 560 ..p-

314 666 482 754 δαοίργειυ,
502 664 618 752 ἥντινα
635 666 692 730 καί
712 664 856 748 δαίμονα
876 671 933 732 καί
953 664 1147 754 κυβερνήτην
1166 675 1222 735 καί
1242 669 1417 756 κληδοδχου
1437 672 1540 757 (vulg.

314 778 502 864 κληροῦχον)
534 774 745 860 δπονομώζοι,
775 775 869 862 δίκην
894 802 930 843 τε
957 780 1013 844 καί
1041 775 1193 866 α’νοίγκην.
1237 786 1303 845 Καί
1327 785 1385 868 τῆς
1405 787 1467 864 μὲν
1486 787 1543 868 γῆς

313 887 374 970 τήν
396 883 568 972 οίπδκρισιν
597 881 682 952 εἶναι
708 885 766 952 τδυ
793 882 891 972 olipa,
920 887 976 952 διδ
999 888 1059 974 τήν
1082 893 1267 975 βιαιοτέραν
1294 887 1394 977 αδτῆς
1414 891 1542 976 ἐξατμι-

313 1001 439 1064 eoem
460 997 608 1083 πίλησιν·
642 998 701 1061 τοῦ
723 996 761 1061 δὲ
780 996 883 1082 πυρδς
906 995 1077 1086 οἷναπνοὴν
1096 999 1154 1064 τδυ
1174 999 1265 1084 pineo
1284 1008 1340 1064 καί
1360 1000 1419 1067 τδν
1439 1003 1543 1084 γαλα-

312 1111 389 1188 ξίαν
414 1107 543 1174 κύκλον.
584 1111 727 1190 συμμιγῆ
755 1102 788 1170 δ’
818 1109 853 1188 ἐξ
881 1105 1008 1196 α’μφοΐν
1035 1121 1120 1174 εἴναι
1147 1109 1207 1194 τήν
1235 1109 1387 1198 σελήνην,
1422 1113 1481 1178 τοῦ
1507 1109 1551 1178 τ’“

313 1217 410 1308 δέρος
429 1226 486 1284 καί
506 1218 565 1284 τοῦ
584 1215 695 1301 πυρδς.
738 1213 954 1301 Περιστδντος
976 1219 996 1284 δ
1003 1217 1012 1240 ³
1034 1215 1188 1286 ἀνωτάτω
1213 1220 1349 1288 πάντων
1368 1223 1428 1288 τοῦ
1439 1225 1551 1288 αἱδί.

312 1353 385 1414 ρος,
416 1324 479 1396 ὑπ’
502 1325 590 1413 αδκηί
618 1327 656 1394 τδ
685 1326 833 1412 πυρῶδες
864 1327 1084 1414 ὑποταγῆναι,
1111 1329 1211 1396 eoeu’
1240 1331 1319 1418 ὅπερ
1348 1331 1543 1419 κεκλήκαμεν

312 1434 469 1526 οδρανόν·
490 1435 553 1528 ὑφ’
572 1435 612 1504 οδ
624 1437 657 1518 *)
679 1436 742 1524 ἤδη
762 1436 804 1504 τοί
825 1442 980 1524 περίγεια.

394 1633 488 1700 Hune
514 1635 618 1699 locum
651 1640 833 1715 corruptum
864 1651 935 1700 esse
965 1637 1035 1716 quis
1065 1654 1126 1700 non
1157 1637 1255 1701 vritltt
1297 1635 1393 1704 Varia
1415 1638 1542 1702 tortuna

310 1746 423 1814 verbu:
459 1750 515 1809 xeo
535 1743 573 1809 τδ
601 1747 798 1827 μεσαίτατον
825 1746 943 1810 πασών
968 1748 1044 1830 περὶ
1070 1742 1116 1808 ώυ
1145 1744 1247 1812 πάλιν
1267 1745 1417 1832 πυρώδης
1439 1763 1542 1810 emen·

310 1856 384 1920 vlare
414 1856 517 1918 conati
546 1859 622 1919 sunt
648 1857 709 1920 viri
738 1855 831 1920 docti.
878 1853 1013 1920 Karsten
1034 1856 1085 1940 aa)
1108 1861 1197 1935 putat
1218 1853 1346 1920 Stouaei
1374 1860 1468 1921 veroa
1497 1859 1542 1920 sio

310 1967 471 2031 scribenda
493 1981 580 2028 esse:
618 1971 674 2028 καί
695 1965 732 2032 τδ
760 1967 958 2047 μεσαίτατον
984 1971 1101 2032 πασῶν
1124 2014 1259 2032 .....
1283 1974 1359 2052 περὶ
1387 1963 1415 2050 qi
1441 1964 1544 2032 πάλιν

310 2072 480 2162 πυρώδης,
518 2075 649 2138 eredens
676 2075 828 2139 excidisse
853 2075 985 2158 κέντρου
1012 2073 1106 2154 τώξιν
1134 2076 1217 2157 ἔχειν
1243 2068 1298 2142 aut
1326 2079 1426 2142 simile
1456 2079 1542 2162 quid,

311 2185 394 2264 quod
420 2186 452 2248 ln
484 2183 625 2267 infimum
655 2186 737 2249 huno
761 2187 828 2249 slve
848 2189 1006 2250 terrenum
1029 2189 1133 2248 orbem
1166 2189 1340 2252 conveniat.
1386 2186 1447 2253 Sevi
1468 2189 1543 2252 haec

309 2297 404 2361 nimis
434 2295 602 2359 artiticiosa
630 2298 810 2372 conjectura
839 2313 902 2359 non
930 2301 1050 2359 tantum
1078 2297 1191 2374 aliquid
1214 2299 1405 2374 tautologiae
1428 2299 1541 2382 simile,

310 2407 365 2471 sed
394 2407 486 2470 etiam
515 2407 629 2470 ialsum
652 2421 779 2470 sensum
806 2407 981 2484 praeberet.
1026 2403 1150 2468 Etenim
1179 2403 1217 2470 τδ
1245 2409 1442 2488 μεσαίτατον
1477 2432 1542 2472 ιτα-

309 2516 376 2582 ocio
395 2533 458 2581 non
480 2521 529 2580 est
557 2521 699 2580 centrum
720 2492 866 2580 'universi
888 2515 937 2576 vel
965 2513 1007 2579 ool
1032 2518 1197 2600 περίγεια,
1226 2522 1262 2588 ut
1292 2518 1437 2596 opinatur
1459 2515 1543 2581 liar-

310 2631 393 2712 sten‚
416 2627 469 2690 sevi
494 2627 595 2690 meula
617 2643 732 2690 corona
752 2629 889 2690 omnium
910 2631 973 2688 tam
996 2627 1176 2706 mixtarum,
1201 2631 1262 2688 tam
1285 2642 1446 2705 purarum.
1491 2627 1542 2692 Ex

310 2737 416 2824 eauem
437 2737 565 2819 ratione
574 2737 650 2800 milri
671 2737 842 2813 rejicienda
857 2735 980 2798 videtur
1002 2736 1094 2797 etiarn
1110 2733 1281 2798 emendatio
1304 2733 1542 2820 Boeolrhiliiit),

310 2847 364 2924 qui
389 2852 546 2930 prompt
574 2841 600 2908 δ
625 2845 761 2924 conjecit
787 2846 954 2931 propitiet
981 2846 1184 2924 supplendum
1215 2852 1322 2908 censet
1350 2846 1477 2933 στερεόν
1506 2867 1543 2913 ao

309 2956 338 3019 si
359 2956 463 3020 dicere
484 2956 638 3020 voluisset
659 2953 837 3040 Stoloaeus‚
868 2958 1011 3020 intimum
1039 2957 1182 3018 nuoleum
1213 2958 1272 3036 (se.
1298 2958 1451 3038 universi)
1473 2975 1543 3023 esse

309 3065 444 3128 solidum
473 3070 505 3128 et
532 3066 650 3130 circum
679 3066 712 3129 iu
739 3067 858 3142 ignem.
905 3065 996 3149 Quovt
1023 3068 1050 3130 st
1074 3066 1176 3128 uicere
1198 3065 1351 3129 vol-uisset
1374 3063 1541 3154 Stetimus,

308 3191 414 3240 nonne
436 3176 614 3256 scripsisset
640 3178 700 3241 τοῦ
719 3173 845 3250 παντός
871 3191 928 3255 pro
949 3177 1088 3240 noooiot
1130 3173 1180 3238 Ασ
1201 3179 1331 3238 verbum
1351 3181 1468 3242 noerio
1488 3194 1544 3242 au-

308 3291 372 3350 tem
399 3287 475 3351 mihi
505 3286 708 3366 supplendum
738 3286 862 3350 vluetur
891 3289 1071 3372 στεφανῶν.
1116 3283 1264 3350 Davisius
1280 3288 1448 3364 -oooleoitt
1487 3291 1555 3354 καί.

308 3395 369 3481 τήν
401 3395 600 3481 μοσαιτοίτην
625 3397 744 3460 πασιίν
773 3393 897 3479 οἳραιώυ
922 3393 1024 3460 πάλιν
1051 3393 1203 3480 πυρώδη,
1237 3411 1317 3475 quae
1347 3401 1542 3482 conlectura,

308 3512 346 3570 ut
360 3509 427 3584 lom
448 3505 583 3572 liarsten
605 3505 786 3591 annotavit,
817 3509 971 3585 repugnat
992 3507 1090 3585 ipsius
1112 3501 1238 3570 Stouael
1259 3507 1457 3591 testimonio,
1488 3511 1543 3590 qui

309 3632 404 3681 uuam
433 3621 555 3680 tautum
581 3613 616 3679 ἐκ
645 3617 705 3681 τοῦ
734 3613 868 3700 α’ραιοῦ,
902 3637 986 3704 puro
1023 3615 1163 3680 oondore
1198 3616 1366 3680 uirentem
1380 3639 1540 3698 eoronam,

309 3731 469 3790 memorat
502 3723 572 3803 ugo
592 3731 695 3794 autem
718 3743 843 3812 censeo,
865 3727 1122 3805 simplicissimam
1145 3731 1177 3790 et
1194 3726 1447 3792 verisimillimam
1469 3747 1543 3794 con·

308 3840 463 3914 lecturam
491 3853 580 3920 esse,
608 3837 636 3900 sl
662 3838 822 3914 legamus:
861 3833 921 3919 τήν
950 3835 1147 3920 μεσαιτάτην
1175 3840 1292 3900 πασῶν
1317 3837 1439 3918 placeio
1471 3841 1541 3916 (pro

309 3953 386 4032 napi
406 3942 466 4025 ὥν)
489 3945 592 4012 πάλιν
613 3946 763 4033 πυρώδη,
795 3951 826 4009 et
851 3948 982 4012 meolam
1009 3949 1146 4011 omnium
1169 3949 1336 4014 mixtarum
1358 3949 1471 4010 iterum
1491 3966 1542 4012 co·

379 4246 408 4313 *)
427 4259 474 4316 pro
492 4242 544 4316 ὑφ’
562 4239 598 4298 οδ
615 4244 748 4312 legendum
767 4249 821 4297 est:
845 4244 895 4315 ὑφ’
914 4239 945 4315 ᾦ.

378 4339 424 4408 i⁸)
442 4337 601 4392 Parmenidis
621 4337 725 4392 Eleatae
744 4339 867 4392 Carminis
884 4339 1015 4408 Reliquiae
1034 4358 1060 4408 p.
1076 4336 1127 4390 elo
1144 4337 1222 4391 aion:

377 4432 436 4501 W)
455 4432 547 4486 Annal.
564 4432 601 4486 lit.
619 4430 735 4486 Heidelb.
755 4447 777 4485 ο.
796 4431 872 4501 1808,
888 4432 963 4486 Fase.
983 4433 1008 4488 1.
1026 4447 1051 4500 p·
1070 4427 1212 4483 meane.
