3534 5370
293 1894 344 1960 Ex
375 1910 435 1974 quo
459 1891 638 1958 Boeokhlus
668 1909 775 1959 veram
794 1861 930 1956 indolem
952 1895 1162 1959 astronomiae
1182 1857 1369 1959 Philolaicae
1388 1909 1442 1958 cx·

208 2005 338 2094 plicuit,
366 2003 638 2084 Pythagoreorum
666 2007 806 2068 doctrina
833 2006 870 2090 de
899 2007 1006 2069 mundi
1035 2010 1194 2070 structura
1222 2023 1285 2070 non
1310 2007 1442 2086 amplius
1571 2011 1574 2018 ’

208 2118 301 2182 dubia
328 2117 377 2181 vel
406 2117 552 2192 ambigua
581 2120 642 2179 est.
689 2111 831 2200 Scimus,
861 2112 1035 2180 Philolaum
1061 2117 1094 2180 in
1126 2117 1226 2181 medlo
1254 2115 1368 2180 mundo
1389 2133 1443 2196 po·

209 2229 311 2292 111111
332 2226 420 2292 Jovis
444 2225 617 2290 custodiam
644 2227 710 2290 sive
733 2223 883 2311 Vestam,
912 2228 994 2290 circa
1017 2241 1109 2306 quam
1131 2215 1197 2290 tres
1219 2227 1359 2306 universi
1378 2226 1443 2306 pla·

208 2352 268 2414 gae
294 2338 378 2401 sint:
415 2335 472 2401 cdv
494 2332 633 2422 οὐρανὸν
655 2352 711 2399 seu
730 2337 892 2412 regionem
912 2338 1130 2416 sublunarem,
1163 2335 1221 2401 τὸν
1242 2335 1365 2418 κόσμον
1386 2351 1443 2400 seu

208 2449 328 2511 coelum
350 2449 553 2526 sphaerarum
572 2443 798 2530 11”011μπον;
828 2448 888 2510 diei
909 2453 941 2510 et
960 2449 1061 2511 noctis
1084 2447 1316 2511 vicissitudines
1338 2452 1444 2512 autem

209 2559 396 2638 explicuisse
424 2561 527 2620 terrae
557 2556 752 2620 revolutione
781 2573 844 2622 non
874 2559 990 2620 circum
1022 2574 1134 2643 axem,
1167 2559 1221 2622 sed
1242 2559 1359 2622 circum
1378 2573 1442 2620 me·

208 2668 292 2732 dium
312 2667 418 2731 mundi
439 2668 545 2742 ignem
567 2667 598 2729 ln
619 2669 694 2730 orbe
714 2667 935 2751 aequatorlall,
963 2684 1054 2747 quem
1074 2670 1198 2747 oblique
1219 2674 1304 2731 secet
1324 2667 1441 2746 eclipti-

208 2794 264 2842 cus
287 2778 443 2859 circulus,
465 2778 497 2838 in
521 2793 581 2856 quo
605 2774 682 2862 Sol,
704 2775 795 2840 Luna
818 2783 850 2840 et
873 2779 1009 2857 quinque
1019 2773 1173 2858 'planetae
1196 2780 1313 2842 circum
1335 2779 1442 2854 ignem
1519 2851 1524 2862 Ι

208 2889 424 2954 revolvuntur.
467 2886 512 2950 At
538 2903 601 2950 non
631 2892 695 2950 tam
722 2894 841 2952 certum
867 2891 934 2972 est,
967 2904 1041 2952 num
1070 2890 1124 2952 illa
1144 2890 1284 2952 doctrina
1308 2888 1346 2952 de
1365 2889 1441 2965 igne

207 2997 325 3064 Vestae
345 3000 377 3062 ln
399 2998 498 3060 medio
521 2997 635 3060 mundo
661 2998 721 3061 sito
749 3003 781 3060 et
803 3000 914 3062 diurno
947 3004 1158 3064 motuterrae
1181 2999 1297 3062 circum
1317 2995 1350 3060 id
1369 3001 1442 3060 ante

208 3107 370 3176 Socratem
410 3112 500 3170 extra
538 3108 661 3170 scholae
699 3109 815 3172 limites
850 3116 1023 3190 propagata
1058 3111 1110 3174 sit.
1166 3107 1309 3186 Vestlgla
1344 3109 1440 3186 11111

208 3221 367 3284 doctrinae
395 3216 591 3281 Parmenidis
621 3223 653 3280 et
681 3217 875 3296 Empedoclis
906 3221 1104 3299 opinionllrus
1134 3222 1238 3284 lnessc
1271 3219 1441 3282 voluerunt

207 3330 369 3410 nonnulli,
406 3329 460 3407 qul
487 3332 628 3392 vetorum
661 3329 914 3407 philosophorum
943 3332 1137 3410 placita'aut
1163 3330 1357 3394 tradiderunt
1385 3331 1440 3390 aut

207 3438 403 3517 interpretati
428 3441 515 3503 sunt.
559 3435 629 3502 darn
651 3440 683 3500 in
707 3437 858 3515 Theolog.
883 3440 987 3504 Arith.
1013 3457 1043 3519 p.
1068 3436 1088 3503 7
1119 3440 1168 3504 cd.
1192 3437 1254 3502 Ast
1281 3439 1436 3515 legimus:

208 3547 254 3626 (οἱ
267 3547 503 3632 Πυθαγορείοι)
525 3548 619 3632 φασί,
639 3550 714 3632 περὶ
734 3548 772 3612 οδ
793 3553 894 3631 μέσον
913 3552 978 3616 τῶν
997 3549 1163 3634 τεσσάρων
1183 3551 1348 3630 στοιχείων
1370 3558 1438 3611 κεί-

207 3661 291 3722 σθαί
301 3680 376 3722 τινα
389 3654 539 3722 ἑναδικδν
554 3654 716 3741 διάπυρον
728 3657 854 3740 κύβον..
862 3659 986 3724 ἐοίκασι
1000 3659 1037 3725 δὲ
1050 3659 1134 3725 κοντοὶ
1144 3683 1177 3742 γε
1189 3660 1294 3725 raico
1305 3679 1439 3741 κατηκο-

205 3767 401 3853 λονθηκέναι
419 3779 489 3843 τοῖς
503 3770 738 3852 Πυθαγορείοις
753 3775 785 3832 oi
797 3793 833 3832 τε
846 3777 921 3854 περὶ
932 3765 1148 3853 Ἐμπεδοκλέα
1164 3771 1220 3836 καὶ
1231 3767 1438 3856 Παρμενίδην

207 3885 262 3942 καὶ
277 3875 393 3959 σχεδδν
414 3875 445 3941 οί
463 3875 607 3942 πλεῖστοι
620 3881 686 3943 σάν
706 3877 811 3943 πάλαι
825 3879 948 3967 σὸφων,
971 3879 1112 3965 φάμενοι
1124 3880 1181 3965 cdv
1203 3878 1337 3963 μονοιδ
1346 3876 1437 3963 ικήν

206 3985 334 4074 φύσιν
350 3985 507 4059 Ἑστίας
527 3981 687 4072 τρόπον
706 3992 748 4054 ἐν
768 3994 873 4078 μέσῳ
895 3987 1070 4075 triplicem,
1093 3997 1148 4056 καὶ
1171 3989 1227 4055 διά
1248 3990 1285 4055 εδ
1307 3983 1436 4075 ίσδῤῥο-

205 4121 271 4164 πον
293 4096 471 4188 φυλάσσειν
498 4096 558 4182 τήν
589 4095 691 4184 αδτήν
712 4099 819 4186 ἕδραν.
864 4100 905 4166 El
934 4103 1052 4165 uostris
1081 4104 1295 4185 temporibuS,
1327 4103 1362 4162 tlt
1390 4102 1436 4162 ta·

207 4224 291 4271 ccam
313 4209 350 4270 de
375 4208 465 4290 aliis,
496 4209 775 4280 excellentissimus
797 4217 939 4276 veterum
960 4213 1258 4292 philosophematum
1279 4212 1434 4288 interpres

206 4313 383 4380 Boeclrlrlus
402 4315 534 4381 Philolai
554 4318 725 4384 doctrinam
744 4322 776 4382 ln
798 4319 990 4386 Parmenldls
1012 4327 1044 4384 et
1063 4321 1257 4400 Empedoclis
1277 4319 1434 4396 tigmentis

206 4427 381 4504 suspicatus
412 4431 471 4490 est.
517 4426 587 4493 Jam
617 4431 650 4492 in
674 4432 932 4496 commentatione
960 4447 1047 4517 mea,
1080 4447 1160 4511 quac
1187 4431 1337 4509 inscripta
1364 4433 1432 4494 cst:

207 4531 584 4614 Untcrsuclrungen
621 4537 720 4603 iiber
756 4541 819 4604 dle
856 4539 1124 4621 Philosophle
1161 4545 1239 4606 und
1275 4539 1434 4618 rnysrn

1182 4651 1236 4716 μ
